@inproceedings{anwar2018improving,
  title={Improving docker registry design based on production workload analysis},
  author={Anwar, Ali and Mohamed, Mohamed and Tarasov, Vasily and Littley, Michael and Rupprecht, Lukas and Cheng, Yue and Zhao, Nannan and Skourtis, Dimitrios and Warke, Amit S and Ludwig, Heiko and others},
  booktitle={16th USENIX Conference on File and Storage Technologies},
  pages={265},
  year={2018}
}

@inproceedings{byna2008parallel,
  title={Parallel I/O prefetching using MPI file caching and I/O signatures},
  author={Byna, Surendra and Chen, Yong and Sun, Xian-He and Thakur, Rajeev and Gropp, William},
  booktitle={Proceedings of the 2008 ACM/IEEE conference on Supercomputing},
  pages={44},
  year={2008},
  organization={IEEE Press}
}

@inproceedings{ding2007diskseen,
  title={DiskSeen: Exploiting Disk Layout and Access History to Enhance I/O Prefetch.},
  author={Ding, Xiaoning and Jiang, Song and Chen, Feng and Davis, Kei and Zhang, Xiaodong},
  booktitle={USENIX Annual Technical Conference},
  volume={7},
  pages={261--274},
  year={2007}
}

@inproceedings{li2007competitive,
  title={Competitive prefetching for concurrent sequential I/O},
  author={Li, Chuanpeng and Shen, Kai and Papathanasiou, Athanasios E},
  booktitle={ACM SIGOPS Operating Systems Review},
  volume={41},
  number={3},
  pages={189--202},
  year={2007},
  organization={ACM}
}

@inproceedings{chen2008hiding,
  title={Hiding I/O latency with pre-execution prefetching for parallel applications},
  author={Chen, Yong and Byna, Surendra and Sun, Xian-He and Thakur, Rajeev and Gropp, William},
  booktitle={High Performance Computing, Networking, Storage and Analysis, 2008. SC 2008. International Conference for},
  pages={1--10},
  year={2008},
  organization={IEEE}
}

@inproceedings{yang1992novel,
  title={A novel cache design for vector processing},
  author={Yang, Qing and Yang, Liping Wu},
  booktitle={ACM SIGARCH Computer Architecture News},
  volume={20},
  number={2},
  pages={362--371},
  year={1992},
  organization={ACM}
}

@inproceedings{wang1995cat,
  title={CATâ€”caching address tags: a technique for reducing area cost of on-chip caches},
  author={Wang, Hong and Sun, Tong and Yang, Qing},
  booktitle={ACM SIGARCH Computer Architecture News},
  volume={23},
  number={2},
  pages={381--390},
  year={1995},
  organization={ACM}
}

@article{gremillion1982designing,
  title={Designing a Bloom filter for differential file access},
  author={Gremillion, Lee L},
  journal={Communications of the ACM},
  volume={25},
  number={9},
  pages={600--604},
  year={1982},
  publisher={ACM}
}
