@inproceedings{rho2018fstream,
  title={FStream: managing flash streams in the file system},
  author={Rho, Eunhee and Joshi, Kanchan and Shin, Seung-Uk and Shetty, Nitesh Jagadeesh and Hwang, Joo-Young and Cho, Sangyeun and Lee, Daniel DG and Jeong, Jaeheon},
  booktitle={16th USENIX Conference on File and Storage Technologies},
  pages={257},
  year={2018}
}

@inproceedings{dayan2017monkey,
  title={Monkey: Optimal navigable key-value store},
  author={Dayan, Niv and Athanassoulis, Manos and Idreos, Stratos},
  booktitle={Proceedings of the 2017 ACM International Conference on Management of Data},
  pages={79--94},
  year={2017},
  organization={ACM}
}