@article{shi2018graph,
  title={Graph processing on GPUs: A survey},
  author={Shi, Xuanhua and Zheng, Zhigao and Zhou, Yongluan and Jin, Hai and He, Ligang and Liu, Bo and Hua, Qiang-Sheng},
  journal={ACM Computing Surveys (CSUR)},
  volume={50},
  number={6},
  pages={81},
  year={2018},
  publisher={ACM}
}
@inproceedings{kraska2018case,
  title={The case for learned index structures},
  author={Kraska, Tim and Beutel, Alex and Chi, Ed H and Dean, Jeffrey and Polyzotis, Neoklis},
  booktitle={Proceedings of the 2018 International Conference on Management of Data},
  pages={489--504},
  year={2018},
  organization={ACM}
}
@misc{2018nvm,
  title={NVM Express Base Specification 1.3 c},
  year={2018}
}