@inproceedings{chandramouli2018faster,
  title={FASTER: A Concurrent Key-Value Store with In-Place Updates},
  author={Chandramouli, Badrish and Prasaad, Guna and Kossmann, Donald and Levandoski, Justin and Hunter, James and Barnett, Mike},
  booktitle={Proceedings of the 2018 International Conference on Management of Data},
  pages={275--290},
  year={2018},
  organization={ACM}
}

@inproceedings{zhang2018surf,
  title={SuRF: practical range query filtering with fast succinct tries},
  author={Zhang, Huanchen and Lim, Hyeontaek and Leis, Viktor and Andersen, David G and Kaminsky, Michael and Keeton, Kimberly and Pavlo, Andrew},
  booktitle={Proceedings of the 2018 International Conference on Management of Data},
  pages={323--336},
  year={2018},
  organization={ACM}
}

@inproceedings{dayan2017monkey,
  title={Monkey: Optimal navigable key-value store},
  author={Dayan, Niv and Athanassoulis, Manos and Idreos, Stratos},
  booktitle={Proceedings of the 2017 ACM International Conference on Management of Data},
  pages={79--94},
  year={2017},
  organization={ACM}
}

@inproceedings{raju2017pebblesdb,
  title={Pebblesdb: Building key-value stores using fragmented log-structured merge trees},
  author={Raju, Pandian and Kadekodi, Rohan and Chidambaram, Vijay and Abraham, Ittai},
  booktitle={Proceedings of the 26th Symposium on Operating Systems Principles},
  pages={497--514},
  year={2017},
  organization={ACM}
}

@article{ren2017slimdb,
  title={SlimDB: a space-efficient key-value storage engine for semi-sorted data},
  author={Ren, Kai and Zheng, Qing and Arulraj, Joy and Gibson, Garth},
  journal={Proceedings of the VLDB Endowment},
  volume={10},
  number={13},
  pages={2037--2048},
  year={2017},
  publisher={VLDB Endowment}
}

@inproceedings{kang2014multi,
  title={The Multi-streamed Solid-State Drive.},
  author={Kang, Jeong-Uk and Hyun, Jeeseok and Maeng, Hyunjoo and Cho, Sangyeun},
  booktitle={HotStorage},
  year={2014}
}

@inproceedings{yan2017tiny,
  title={Tiny-Tail Flash: Near-Perfect Elimination of Garbage Collection Tail Latencies in NAND SSDs},
  author={Yan, Shiqin and Li, Huaicheng and Hao, Mingzhe and Tong, Michael Hao and Sundararaman, Swaminatahan and Chien, Andrew A and Gunawi, Haryadi S},
  booktitle={Proceedings of FASTâ€™17: 15th USENIX Conference on File and Storage Technologies},
  pages={15},
  year={2017}
}
