@inproceedings{dong2017optimizing,
  title={Optimizing Space Amplification in RocksDB.},
  author={Dong, Siying and Callaghan, Mark and Galanis, Leonidas and Borthakur, Dhruba and Savor, Tony and Strum, Michael},
  booktitle={CIDR},
  year={2017}
}

@inproceedings{dayan2017monkey,
  title={Monkey: Optimal navigable key-value store},
  author={Dayan, Niv and Athanassoulis, Manos and Idreos, Stratos},
  booktitle={Proceedings of the 2017 ACM International Conference on Management of Data},
  pages={79--94},
  year={2017},
  organization={ACM}
}

@inproceedings{van2017automatic,
  title={Automatic database management system tuning through large-scale machine learning},
  author={Van Aken, Dana and Pavlo, Andrew and Gordon, Geoffrey J and Zhang, Bohan},
  booktitle={Proceedings of the 2017 ACM International Conference on Management of Data},
  pages={1009--1024},
  year={2017},
  organization={ACM}
}

@inproceedings{yu2018datasize,
  title={Datasize-Aware High Dimensional Configurations Auto-Tuning of In-Memory Cluster Computing},
  author={Yu, Zhibin and Bei, Zhendong and Qian, Xuehai},
  booktitle={Proceedings of the Twenty-Third International Conference on Architectural Support for Programming Languages and Operating Systems},
  pages={564--577},
  year={2018},
  organization={ACM}
}
