@inproceedings{stokely2012projecting,
  title={Projecting disk usage based on historical trends in a cloud environment},
  author={Stokely, Murray and Mehrabian, Amaan and Albrecht, Christoph and Labelle, Francois and Merchant, Arif},
  booktitle={Proceedings of the 3rd workshop on Scientific Cloud Computing},
  pages={63--70},
  year={2012},
  organization={ACM}
}

@inproceedings{reiss2012heterogeneity,
  title={Heterogeneity and dynamicity of clouds at scale: Google trace analysis},
  author={Reiss, Charles and Tumanov, Alexey and Ganger, Gregory R and Katz, Randy H and Kozuch, Michael A},
  booktitle={Proceedings of the Third ACM Symposium on Cloud Computing},
  pages={7},
  year={2012},
  organization={ACM}
}

@inproceedings{ray2017high,
  title={Is High Performance Computing (HPC) Ready to Handle Big Data?},
  author={Ray, Biplob R and Chowdhury, Morshed and Atif, Usman},
  booktitle={International Conference on Future Network Systems and Security},
  pages={97--112},
  year={2017},
  organization={Springer}
}

@article{team2003pax,
  title={PaX address space layout randomization (ASLR)},
  author={Team, PaX},
  year={2003}
}

@article{zhou2018cpftl,
  title={A Correlation-Aware Page-Level FTL to Exploit Semantic Links in Workloads},
  author={Zhou, Jian and Wang, Jun},
  year={Accepted by IEEE TPDS.}
}

@inproceedings{liu2017graphene,
  title={Graphene: Fine-Grained IO Management for Graph Computing.},
  author={Liu, Hang and Huang, H Howie},
  booktitle={FAST},
  pages={285--300},
  year={2017}
}

@inproceedings{huang2017flashblox,
  title={FlashBlox: Achieving Both Performance Isolation and Uniform Lifetime for Virtualized SSDs.},
  author={Huang, Jian and Badam, Anirudh and Caulfield, Laura and Nath, Suman and Sengupta, Sudipta and Sharma, Bikash and Qureshi, Moinuddin K},
  booktitle={FAST},
  pages={375--390},
  year={2017}
}
